<record><leader>00000cas a22000007a 4500</leader><controlfield tag="001">19856145</controlfield><controlfield tag="008">890612d18791925mouwr ne      0    0eng d</controlfield><datafield ind1=" " ind2=" " tag="010"><subfield code="a">sn 89066384 </subfield></datafield><datafield ind1=" " ind2=" " tag="040"><subfield code="a">MQN</subfield><subfield code="b">eng</subfield><subfield code="c">MQN</subfield><subfield code="d">OCLCQ</subfield><subfield code="d">MXM</subfield><subfield code="d">OCLCQ</subfield><subfield code="d">OCLCF</subfield></datafield><datafield ind1="1" ind2=" " tag="029"><subfield code="a">AU@</subfield><subfield code="b">000020550926</subfield></datafield><datafield ind1=" " ind2=" " tag="042"><subfield code="a">msc</subfield></datafield><datafield ind1=" " ind2=" " tag="043"><subfield code="a">n-us-mo</subfield></datafield><datafield ind1="0" ind2=" " tag="130"><subfield code="a">Kirksville journal (Kirksville, Mo. : 1879)</subfield></datafield><datafield ind1="1" ind2="0" tag="245"><subfield code="a">Kirksville journal.</subfield></datafield><datafield ind1=" " ind2=" " tag="260"><subfield code="a">Kirksville, Mo. :</subfield><subfield code="b">S.M. Pickler</subfield></datafield><datafield ind1=" " ind2=" " tag="300"><subfield code="a">v.</subfield></datafield><datafield ind1=" " ind2=" " tag="310"><subfield code="a">Weekly</subfield></datafield><datafield ind1="1" ind2=" " tag="362"><subfield code="a">Began in 1879?</subfield></datafield><datafield ind1="0" ind2=" " tag="362"><subfield code="a">-v. 60, no. 42 (Sept. 3, 1925).</subfield></datafield><datafield ind1=" " ind2=" " tag="580"><subfield code="a">Daily ed.: Evening journal (Kirksville, Mo.), &lt;Sept. 2-Dec. 30, 1891&gt;.</subfield></datafield><datafield ind1=" " ind2=" " tag="588"><subfield code="a">Description based on: Vol. 14, no. 14 (Mar. 6, 1879).</subfield></datafield><datafield ind1=" " ind2="0" tag="651"><subfield code="a">Kirksville (Mo.)</subfield><subfield code="v">Newspapers.</subfield></datafield><datafield ind1=" " ind2="0" tag="651"><subfield code="a">Adair County (Mo.)</subfield><subfield code="v">Newspapers.</subfield></datafield><datafield ind1=" " ind2="7" tag="655"><subfield code="a">Newspapers.</subfield><subfield code="2">fast</subfield><subfield code="0">(OCoLC)fst01423814</subfield></datafield><datafield ind1=" " ind2="7" tag="651"><subfield code="a">Missouri</subfield><subfield code="z">Adair County.</subfield><subfield code="2">fast</subfield><subfield code="0">(OCoLC)fst01221183</subfield></datafield><datafield ind1=" " ind2="7" tag="651"><subfield code="a">Missouri</subfield><subfield code="z">Kirksville.</subfield><subfield code="2">fast</subfield><subfield code="0">(OCoLC)fst01218534</subfield></datafield><datafield ind1=" " ind2=" " tag="752"><subfield code="a">United States</subfield><subfield code="b">Missouri</subfield><subfield code="c">Adair</subfield><subfield code="d">Kirksville.</subfield></datafield><datafield ind1="1" ind2=" " tag="775"><subfield code="t">Evening journal (Kirksville, Mo.)</subfield><subfield code="w">(DLC)sn 89066383</subfield></datafield><datafield ind1="0" ind2="0" tag="780"><subfield code="t">Kirksville weekly journal</subfield><subfield code="w">(DLC)sn 93060089</subfield></datafield><datafield ind1="0" ind2="7" tag="785"><subfield code="t">Brashear news (Brashear, Mo. : 1885)</subfield><subfield code="w">(DLC)sn 89066090</subfield></datafield><datafield ind1="0" ind2="7" tag="785"><subfield code="t">Kirksville journal-news</subfield><subfield code="w">(DLC)sn 89066385</subfield></datafield></record>